%% This BibTeX bibliography file was created using BibDesk.
%% http://bibdesk.sourceforge.net/


%% Created for Lauro Cesar Araujo at 2015-04-27 19:43:45 -0300 


%% Saved with string encoding Unicode (UTF-8)

@article{Albuquerque2011,
  doi = {10.1109/tvcg.2011.237},
  url = {https://doi.org/10.1109/tvcg.2011.237},
  year = {2011},
  month = dec,
  publisher = {Institute of Electrical and Electronics Engineers ({IEEE})},
  volume = {17},
  number = {12},
  pages = {2317--2324},
  author = {G. Albuquerque and T. Lowe and M. Magnor},
  title = {Synthetic Generation of High-Dimensional Datasets},
  journal = {{IEEE} Transactions on Visualization and Computer Graphics}
}

@article{BingWang2013,
  doi = {10.1109/tvcg.2013.190},
  url = {https://doi.org/10.1109/tvcg.2013.190},
  year = {2013},
  month = dec,
  publisher = {Institute of Electrical and Electronics Engineers ({IEEE})},
  volume = {19},
  number = {12},
  pages = {2060--2069},
  author = {Bing Wang and Puripant Ruchikachorn and Klaus Mueller},
  title = {{SketchPadN}-D: {WYDIWYG} Sculpting and Editing in High-Dimensional Space},
  journal = {{IEEE} Transactions on Visualization and Computer Graphics}
}

@inproceedings{Liu2016,
  doi = {10.1109/ccbd.2016.076},
  url = {https://doi.org/10.1109/ccbd.2016.076},
  year = {2016},
  month = nov,
  publisher = {{IEEE}},
  author = {Runzong Liu and Bin Fang and Yuan Yan Tang and Patrick P.K. Chan},
  title = {Synthetic Data Generator for Classification Rules Learning},
  booktitle = {2016 7th International Conference on Cloud Computing and Big Data ({CCBD})}
}

@inproceedings{Garcia2011,
  doi = {10.1109/colomcc.2011.5936311},
  url = {https://doi.org/10.1109/colomcc.2011.5936311},
  year = {2011},
  month = may,
  publisher = {{IEEE}},
  author = {D. Garcia and M. Millan},
  title = {A prototype of synthetic data generator},
  booktitle = {2011 6th Colombian Computing Congress ({CCC})}
}

@article{Kofinas2018,
  doi = {10.1016/j.envsoft.2017.11.021},
  url = {https://doi.org/10.1016/j.envsoft.2017.11.021},
  year = {2018},
  month = feb,
  publisher = {Elsevier {BV}},
  volume = {100},
  pages = {48--66},
  author = {Dimitris T. Kofinas and Alexandra Spyropoulou and Chrysi S. Laspidou},
  title = {A methodology for synthetic household water consumption data generation},
  journal = {Environmental Modelling {\&} Software}
}

@article{dean2009descriptive,
  title={Descriptive Statistics: Histogram},
  author={Dean, Susan and Illowsky, Barbara},
  journal={Retrieved from the Connexions Web site: http://cnx. org/content/m16298/1.11},
  year={2009}
}

@misc{json-rfc-8259,
	Author = {T. Bray},
	Date-Added = {2016-04},
	Date-Modified = {2018-12},
	Howpublished = {Internet Engineering Task Force (IETF)},
	Keywords = {json, rfc 8259},
	Title = {The JavaScript Object Notation (JSON) Data Interchange Format},
	Url = {https://tools.ietf.org/html/rfc8259},
	Urlaccessdate = {31 jul 2019},
	Year = {2017},
	Bdsk-Url-1 = {https://tools.ietf.org/html/rfc8259}
}

@misc{json-jsonOrg,
	Author = {D. Crockford},
	Date-Added = {2003-01},
	Date-Modified = {2003-01},
	Howpublished = {json.org},
	Keywords = {json},
	Title = {ECMA-404 The JSON Data Interchange Standard.},
	Url = {https://json.org/json-pt.html},
	Urlaccessdate = {31 jul 2019},
	Year = {2003},
	Bdsk-Url-1 = {https://json.org/json-pt.html}
}

@misc{csv-rfc-7111,
	Author = {M. Hausenblas, E. Wilde, J. Tennison},
	Date-Added = {2011-04},
	Date-Modified = {2019-01},
	Howpublished = {Internet Engineering Task Force (IETF)},
	Keywords = {csv, rfc 7111},
	Title = {ECMA-404 The JSON Data Interchange Standard.},
	Url = {https://tools.ietf.org/html/rfc7111#page-3},
	Urlaccessdate = {31 jul 2019},
	Year = {2014},
	Bdsk-Url-1 = {https://tools.ietf.org/html/rfc7111#page-3}
}

@misc{csv-rfc-4180,
	Author = {Y. Shafranovich},
	Date-Added = {2005-10},
	Date-Modified = {2005-10},
	Howpublished = {Internet Engineering Task Force (IETF)},
	Keywords = {csv, rfc 4180},
	Title = {Common Format and MIME Type for Comma-Separated Values (CSV) Files},
	Url = {https://tools.ietf.org/html/rfc4180#page-2},
	Urlaccessdate = {31 jul 2019},
	Year = {2005},
	Bdsk-Url-1 = {https://tools.ietf.org/html/rfc4180#page-2}
}

@misc{mime-rfc-2048,
	Author = {N. Freed, J. Klensin, J. Postel},
	Date-Added = {1995-05},
	Date-Modified = {1996-03},
	Howpublished = {Internet Engineering Task Force (IETF)},
	Keywords = {mime, rfc 2048},
	Title = {Multipurpose Internet Mail Extensions (MIME) Part Four: Registration Procedures},
	Url = {https://tools.ietf.org/html/rfc2048},
	Urlaccessdate = {31 jul 2019},
	Year = {1996},
	Bdsk-Url-1 = {https://tools.ietf.org/html/rfc2048}
}

@misc{dsv,
	Author = {Eric S. Raymond},
	Date-Added = {1999-01},
	Date-Modified = {2003-09},
	Howpublished = {http://www.catb.org},
	Keywords = {mime, rfc 2048},
	Title = {Data File Metaformats. Chapter 5. Textuality},
	Url = {http://www.catb.org/~esr/writings/taoup/html/ch05s02.html},
	Urlaccessdate = {31 jul 2019},
	Year = {2003},
	Bdsk-Url-1 = {http://www.catb.org/~esr/writings/taoup/html/ch05s02.html}
}

@misc{tsv-iana,
	Author = {J. Korpela},
	Date-Added = {2000-09},
	Date-Modified = {2005-02},
	Howpublished = {http://jkorpela.fi},
	Keywords = {mime, tsv},
	Title = {Tab Separated Values (TSV): a format for tabular data exchange},
	Url = {http://jkorpela.fi/TSV.html},
	Urlaccessdate = {31 jul 2019},
	Year = {2000},
	Bdsk-Url-1 = {http://jkorpela.fi/TSV.html}
}

@book{mcgraw-hilleducation2016,
  Author = {McGraw-Hill Education},
  Title = {The McGraw-Hill Dictionary of Scientific and Technical Terms, Seventh Edition (McGraw-Hill Dictionary of Scientific \& Technical Terms)},
  Publisher = {McGraw-Hill Professional},
  Year = {2016},
  ISBN = {0071608990},
  URL = {https://www.amazon.com/McGraw-Hill-Dictionary-Scientific-Technical-Seventh/dp/0071608990?SubscriptionId=AKIAIOBINVZYXZQZ2U3A&tag=chimbori05-20&linkCode=xm2&camp=2025&creative=165953&creativeASIN=0071608990}
}

@article{rubin1993statistical,
  title={Statistical disclosure limitation},
  author={Rubin, Donald B},
  journal={Journal of official Statistics},
  volume={9},
  number={2},
  pages={461--468},
  year={1993}
}

@inproceedings{lopez2012money,
  title={Money laundering detection using synthetic data},
  author={Lopez-Rojas, Edgar Alonso and Axelsson, Stefan},
  booktitle={The 27th annual workshop of the Swedish Artificial Intelligence Society (SAIS); 14-15 May 2012; {\"O}rebro; Sweden},
  number={071},
  pages={33--40},
  year={2012},
  organization={Link{\"o}ping University Electronic Press}
}

@inproceedings{bergeat2014french,
  title={A french anonymization experiment with health data},
  author={Bergeat, Maxime and Cuppens-Bouhlahia, Nora and Cuppens, Fr{\'e}d{\'e}ric and Jess, No{\'e}mie and Dupont, Fran{\c{c}}oise and Oulmakhzoune, Said and De Peretti, Ga{\"e}l},
  year={2014}
}

@inproceedings{barse2003synthesizing,
  title={Synthesizing test data for fraud detection systems},
  author={Barse, Emilie Lundin and Kvarnstrom, Hakan and Jonsson, Erland},
  booktitle={19th Annual Computer Security Applications Conference, 2003. Proceedings.},
  pages={384--394},
  year={2003},
  organization={IEEE}
}

@misc{webService-W3C,
	Author = {W3C Working Group},
	Date-Added = {2002-11},
	Date-Modified = {2004-02},
	Howpublished = {www.w3.org},
	Keywords = {Web Service, w3c},
	Title = {Web Services Architecture},
	Url = {https://www.w3.org/TR/ws-arch/},
	Urlaccessdate = {02 ago 2019},
	Year = {2004},
	Bdsk-Url-1 = {https://www.w3.org/TR/ws-arch/}
}

@misc{soapVSrest,
	Author = {STACKIFY},
	Date-Added = {2017-03},
	Date-Modified = {2017-03},
	Howpublished = {stackify.com},
	Keywords = {Web Service, soap, rest},
	Title = {SOAP vs. REST: The Differences and Benefits Between the Two Widely-Used Web Service Communication Protocols},
	Url = {https://stackify.com/soap-vs-rest/},
	Urlaccessdate = {02 ago 2019},
	Year = {2017},
	Bdsk-Url-1 = {https://stackify.com/soap-vs-rest/}
}

@misc{top15DatagenTools2019,
	Author = {V. Kumar},
	Date-Added = {2019-01},
	Date-Modified = {2019-01},
	Howpublished = {https://www.rankred.com},
	Keywords = {Data Generator, top 15},
	Title = {15 Best Test Data Generation Tools In 2019},
	Url = {https://www.rankred.com/test-data-generation-tools/},
	Urlaccessdate = {17 ago 2019},
	Year = {2019},
	Bdsk-Url-1 = {https://www.rankred.com/test-data-generation-tools/}
}

@misc{DTMDataGenerator,
	Author = {DTM soft.},
	Date-Added = {2000-03},
	Date-Modified = {2017-03},
	Howpublished = {http://www.sqledit.com/},
	Keywords = {Data Generator},
	Title = {DTM Database Tools},
	Url = {http://www.sqledit.com/dg/index.html},
	Urlaccessdate = {17 ago 2019},
	Year = {2019},
	Bdsk-Url-1 = {http://www.sqledit.com/dg/index.html}
}
@misc{RedgateSQLDataGenerator,
	Author = {Red Gate Software Ltd},
	Date-Added = {2000-02},
	Date-Modified = {2019-05},
	Howpublished = {https://www.red-gate.com/},
	Keywords = {Data Generator},
	Title = {SQL Data Generator},
	Url = {https://www.red-gate.com/products/sql-development/sql-data-generator/},
	Urlaccessdate = {18 ago 2019},
	Year = {2019},
	Bdsk-Url-1 = {https://www.red-gate.com/products/sql-development/sql-data-generator/}
}
@misc{RedgateSQLDataGeneratorDoc,
  title = {SQL Data Generator Documentation},
  author = {Red Gate Software Ltd},
  url  =  {https://documentation.red-gate.com/xx/files/7471185/15925341/1/1370009573853/SQL+Data+Generator+1_2.pdf},
  Urlaccessdate = {10 dec 2019},
}
@misc{VSDataGenerator,
	Author = {Microsoft},
	Date-Added = {1991-05},
	Date-Modified = {2013-05},
	Howpublished = {https://www.microsoft.com/},
	Keywords = {Data Generator},
	Title = {Generating Test Data for Databases by Using Data Generators},
	Url = {https://docs.microsoft.com/en-us/previous-versions/visualstudio/visual-studio-2010/dd193262(v=vs.100)},
	Urlaccessdate = {19 ago 2019},
	Year = {2019},
	Bdsk-Url-1 = {https://docs.microsoft.com/en-us/previous-versions/visualstudio/visual-studio-2010/dd193262(v=vs.100)}
}
@misc{forgeDBDataGenerator,
	Author = {Devart},
	Date-Added = {1999-11},
	Date-Modified = {2018-05},
	Howpublished = {https://www.devart.com},
	Keywords = {Data Generator},
	Title = {Data Generator for SQL Server},
	Url = {https://docs.devart.com/data-generator-for-sql-server/},
	Urlaccessdate = {21 ago 2019},
	Year = {2018},
	Bdsk-Url-1 = {https://docs.devart.com/data-generator-for-sql-server/}
}
@misc{forgeDBDataGeneratorDoc,
  title = {Data Generator for SQL Server Documentation},
  author = {Red Gate Software Ltd},
  url  =  {https://docs.devart.com/data-generator-for-sql-server/basic-generators/check-constraint-generator},
  Urlaccessdate = {10 dec 2019},
}
@misc{mockaroo,
	Author = {Mockaroo},
	Date-Added = {2019-01},
	Date-Modified = {2019-01},
	Howpublished = {https://www.mockaroo.com/},
	Keywords = {Data Generator},
	Title = {Mockaroo, realistic data generator.},
	Url = {https://www.mockaroo.com/},
	Urlaccessdate = {23 ago 2019},
	Year = {2019},
	Bdsk-Url-1 = {https://www.mockaroo.com/}
}
@misc{mockarooAPI,
	Author = {Mockaroo},
	Date-Added = {2019-01},
	Date-Modified = {2019-01},
	Howpublished = {https://www.mockaroo.com/},
	Keywords = {Data Generator},
	Title = {Mockaroo APIs},
	Url = {https://www.mockaroo.com/api/docs},
	Urlaccessdate = {23 ago 2019},
	Year = {2019},
	Bdsk-Url-1 = {https://www.mockaroo.com/api/docs}
}

@misc{UCdefinition,
	Author = {Lucid Software Inc.},
	Date-Added = {2008-09},
	Date-Modified = {2019-01},
	Howpublished = {https://www.lucidchart.com/},
	Keywords = {UML, Use Case},
	Title = {UML Use Case Diagram Tutorial},
	Url = {https://www.lucidchart.com/pages/uml-use-case-diagram},
	Urlaccessdate = {09 sep 2019},
	Year = {2019},
	Bdsk-Url-1 = {https://www.lucidchart.com/pages/uml-use-case-diagram}
}

@book{hbmissingdatameth2014,
 title = {Handbook of Missing Data Methodology},
 description = {Handbook of Missing Data Methodology},
 publisher = {Chapman and Hall/CRC},
 interhash = {e5c049fe05e45ca4b92a38f59bab637e},
 intrahash = {58d9a1e0a243b1b6af41e19391237da7},
 year = {2014},
 month = {nov},
 isbn = {1439854610},
 url = {https://www.xarg.org/ref/a/1439854610/}
}

@incollection{Aggarwal2012,
  doi = {10.1007/978-1-4614-6396-2_1},
  url = {https://doi.org/10.1007/978-1-4614-6396-2_1},
  year = {2012},
  month = dec,
  publisher = {Springer New York},
  pages = {1--40},
  author = {Charu C. Aggarwal},
  title = {An Introduction to Outlier Analysis},
  booktitle = {Outlier Analysis}
}

@book{patrickmcknight2007,
 Author = {Patrick E. McKnight},
 title = {Missing Data: A Gentle Introduction (Methodology in the Social Sciences)},
 description = {Missing Data: A Gentle Introduction (Methodology in the Social Sciences) (Book, 2007)},
 publisher = {The Guilford Press},
 interhash = {a8cf996fe40dd17ee919b552b2adb1e1},
 intrahash = {a028320b6fc540e0bed6f995fb60af7e},
 year = {2007},
 month = {mar},
 isbn = {9781593853938},
 url = {https://www.xarg.org/ref/a/1593853939/}
}

@misc{rathi_2019,
 title={Dealing with Noisy Data in Data Science},
 url={https://medium.com/analytics-vidhya/dealing-with-noisy-data-in-data-science-e177a4e32621},
 journal={Medium},
 publisher={Analytics Vidhya},
 author={Rathi, Ankit},
 year={2019},
 month={Jul}
}

@book{tanenbaum1995sistemas,
  title={Sistemas operacionais modernos},
  author={Tanenbaum, Andrew S and Machado Filho, Nery},
  volume={3},
  year={1995},
  publisher={Prentice-Hall}
}

@article{little2016missing,
  title={Missing data},
  author={Little, Todd D and Lang, Kyle M and Wu, Wei and Rhemtulla, Mijke},
  journal={Developmental psychopathology},
  pages={1--37},
  year={2016},
  publisher={Wiley Online Library}
}

@incollection{Sakshaug2014,
  doi = {10.1007/978-3-319-11257-2_17},
  url = {https://doi.org/10.1007/978-3-319-11257-2_17},
  year = {2014},
  publisher = {Springer International Publishing},
  pages = {213--231},
  author = {Joseph W. Sakshaug and Trivellore E. Raghunathan},
  title = {Nonparametric Generation of Synthetic Data for Small Geographic Areas},
  booktitle = {Privacy in Statistical Databases}
}

@inproceedings{Whiting2008,
  doi = {10.1145/1377966.1377977},
  url = {https://doi.org/10.1145/1377966.1377977},
  year = {2008},
  publisher = {ACM Press},
  author = {Mark A. Whiting and Jereme Haack and Carrie Varley},
  title = {Creating realistic,  scenario-based synthetic data for test and evaluation of information analytics software},
  booktitle = {Proceedings of the 2008 conference on BEyond time and errors novel evaLuation methods for Information Visualization - BELIV 08}
}

@article{delCarmenRodrguezHernndez2017,
  doi = {10.1016/j.pmcj.2016.09.020},
  url = {https://doi.org/10.1016/j.pmcj.2016.09.020},
  year = {2017},
  month = jul,
  publisher = {Elsevier BV},
  volume = {38},
  pages = {516--541},
  author = {María del Carmen Rodríguez-Hernández and Sergio Ilarri and Ramón Hermoso and Raquel Trillo-Lado},
  title = {DataGenCARS: A generator of synthetic data for the evaluation of context-aware recommendation systems},
  journal = {Pervasive and Mobile Computing}
}

@article{Larsen2012,
  doi = {10.1504/ijipsi.2012.046132},
  url = {https://doi.org/10.1504/ijipsi.2012.046132},
  year = {2012},
  publisher = {Inderscience Publishers},
  volume = {1},
  number = {2/3},
  pages = {184},
  author = {Michael D. Larsen and Jennifer C. Huckett},
  title = {Multimethod synthetic data generation for confidentiality and measurement of disclosure risk},
  journal = {International Journal of Information Privacy,  Security and Integrity}
}

@misc{pensamentos-dados-sinteticos,
	Howpublished = {Update or Die},
	Url = {https://www.updateordie.com/2019/09/25/um-pensamento-sobre-os-dados-sinteticos/},
	Title = {Um pensamento sobre os Dados Sintéticos},
	Urlaccessdate = {09 dec 2019},
	Author = {Daniel Moraes}
}

%Artigos de survey que achei os MCAR, MAR e MNAR.
@article{santos2019generating,
  title={Generating Synthetic Missing Data: A Review by Missing Mechanism},
  author={Santos, Miriam Seoane and Pereira, Ricardo Cardoso and Costa, Adriana Fonseca and Soares, Jastin Pompeu and Santos, Jo{\~a}o and Abreu, Pedro Henriques},
  journal={IEEE Access},
  volume={7},
  pages={11651--11667},
  year={2019},
  publisher={IEEE}
}

%MNAR1 [17]
@article{twala2009empirical, 
  title={An empirical comparison of techniques for handling incomplete data using decision trees},
  author={Twala, Bhekisipho},
  journal={Applied Artificial Intelligence},
  volume={23},
  number={5},
  pages={373--405},
  year={2009},
  publisher={Taylor \& Francis}
}

% MAR5, MCAR [18]
@article{rieger2010random,
  title={Random forests with missing values in the covariates},
  author={Rieger, Anna and Hothorn, Torsten and Strobl, Carolin},
  year={2010}
}

%MNAR2, MCAR [19]
@article{xia2017adjusted,
  title={Adjusted weight voting algorithm for random forests in handling missing values},
  author={Xia, Jing and Zhang, Shengyu and Cai, Guolong and Li, Li and Pan, Qing and Yan, Jing and Ning, Gangmin},
  journal={Pattern Recognition},
  volume={69},
  pages={52--60},
  year={2017},
  publisher={Elsevier}
}